<?xml version="1.0" encoding="UTF-8"?><record xmlns="http://www.loc.gov/MARC21/slim" xmlns:cinclude="http://apache.org/cocoon/include/1.0" xmlns:zs="http://www.loc.gov/zing/srw/">
  <leader>00429nz  a2200121n  4500</leader>
  <controlfield tag="001">no 90018891 </controlfield>
  <controlfield tag="003">DLC</controlfield>
  <controlfield tag="005">19900917134458.4</controlfield>
  <controlfield tag="008">900910n| acannaab|          |n aaa     c</controlfield>
  <datafield tag="010" ind1=" " ind2=" ">
    <subfield code="a">no 90018891 </subfield>
  </datafield>
  <datafield tag="040" ind1=" " ind2=" ">
    <subfield code="a">DGPO</subfield>
    <subfield code="c">DGPO</subfield>
  </datafield>
  <datafield tag="100" ind1="1" ind2="0">
    <subfield code="a">Garry, James D.</subfield>
  </datafield>
  <datafield tag="670" ind1=" " ind2=" ">
    <subfield code="a">Geological Survey (U.S.). Hydrogeology of the Valley-Fill aquifer at Owego ... 1990:</subfield>
    <subfield code="b">map recto (James D. Garry); envelope (New York State Dept. of Environmental Conservation)</subfield>
  </datafield>
</record>